@article{abelson:1979,
	author  = {Abelson, Peter W.},
	title   = "{P}roperty {P}rices and the {V}alue of {A}menities",
	journal = {Journal of Environmental Economics and Management},
	year    = {1979},
	volume  = {6},
	number  = {1},
	pages   = {11--28}
}



@article{belsleyEtAl:1980,
    author  = {Belsley, D.A. and Kuh, E. and Welsch, R.E. },
    title   = "{R}egression {D}iagnostics; {I}dentifying {I}nfluence {D}ata and {S}ource of {C}ollinearity",
    journal = {Open Journal of Statistics},
    year    = {1980},
    address   = {New York},
    doi= {10.1002/0471725153},
    pages   = {90--111}
}



@article{bensonEtAl:1998,
    author  = {Benson, Earl D. and Hansen, Julia L. and Schwartz, Arthur L., Jr. and Smersh, Greg T.},
    title   = "{P}ricing {R}esidential {A}menities: {T}he {V}alue of a {V}iew",
    journal = {The Journal of Real Estate Finance and Economics},
    year    = {1998},
    volume  = {16},
    number  = {1},
    pages   = {55--73}
}


@article{black:1999,
  author  = {Black, Sandra E.},
  title   = "{D}o {B}etter {S}chools {M}atter? [P]arental [V]aluation of {E}lementary {E}ducation",
  journal = {The Quarterly Journal of Economics},
  volume  = {114},
  number  = {2},
  pages   = {577--599},
  year    = {1999}
}




@misc{bebr:2023,
    author = {{Bureau of Economic and Business Research}},
    title  = "{F}lorida {P}opulation {S}tudies",
    year= {2023},
    howpublished = {\url{https://bebr.ufl.edu/}},
    institution  = {University of Florida}
}


@article{biblhsie:2001,
  author  = {Bible, Douglas S. and Hsieh, Chang-Tseh},
  title   = "{G}ated {C}ommunities and {R}esidential {P}roperty {V}alues",
  journal = {The Appraisal Journal},
  volume  = {69},
  number  = {2},
  pages   = {140--145},
  year    = {2001}
}



@article{binpola:2004,
  author  = {Bin, Okmyung and Polasky, Stephen},
  title   = "{E}ffects of {F}lood {H}azards on {P}roperty {V}alues: {E}vidence {B}efore and {A}fter {H}urricane {F}loyd",
  journal = {Land Economics},
  volume  = {80},
  number  = {4},
  pages   = {490--500},
  year    = {2004}
}


@article{boarchal:2001,
  author  = {Boarnet, Marlon G. and Chalermpong, Saksith},
  title   = "{N}ew {H}ighways, {H}ouse {P}rices, and {U}rban {D}evelopment",
  journal = {Journal of Housing Economics},
  volume  = {10},
  number  = {1},
  pages   = {31--44},
  year    = {2001}
}


@article{brownEtAl:1992,
  author    = {Brown, Stephen J. and Goetzmann, William N. and Ibbotson, Roger G.},
  title     = "{S}urvivorship {B}ias in {P}erformance {S}tudies",
  journal   = {The Review of Financial Studies},
  volume    = {5},
  number    = {4},
  pages     = {553--580},
  year      = {1992},
  doi       = {10.1093/rfs/5.4.553},
  url       = {https://doi.org/10.1093/rfs/5.4.553}
}






@article{chesshep:1995,
	author       = {Cheshire, Paul and Sheppard, Stephen},
	title        = "{O}n the {P}rice of {L}and and the {V}alue of {A}menities",
	journal      = {Economica},
	year         = {1995},
	volume       = {62},
	number       = {246},
	pages        = {247--267}
}


@book{dipawill:1996,
  author    = {DiPasquale, Denise and Wheaton, William C.},
  title     = "{U}rban {E}conomics and {R}eal {E}state {M}arkets",
  publisher = {Prentice Hall},
  year      = {1996}
}



@article{gyourkoEtAl:2013,
	author       = {Gyourko, Joseph and Mayer, Christopher and Sinai, Todd},
	title        = "{S}uperstar {C}ities",
	journal      = {American Economic Journal: Economic Policy},
	year         = {2013},
	volume       = {5},
	number       = {4},
	pages        = {167--199}
}

@article{lancaster:1966,
	author       = {Lancaster, Kelvin J.},
	title        = "{A} {N}ew {A}pproach to {C}onsumer {T}heory",
	journal      = {Journal of Political Economy},
	year         = {1966},
	volume       = {74},
	pages        = {132--157}
}



@article{lockhartEtAl:2014,
  author    = {Lockhart, Richard and Taylor, Jonathan and Tibshirani, Ryan J. and Tibshirani, Robert},
  title     = "{A Significance Test for the LASSO}",
  journal   = {The Annals of Statistics},
  volume    = {42},
  number    = {2},
  pages     = {413--468},
  year      = {2014},
  publisher = {Institute of Mathematical Statistics},
  doi       = {10.1214/13-AOS1175},
  url       = {https://doi.org/10.1214/13-AOS1175}
}

@article{mackwhite:1985,
  author       = {MacKinnon, J.G. and White, H.},
  title        = "{Some Heteroskedasticity Consistent Covariance Matrix Estimators with Improved Finite Sample Properties}",
  journal      = {Journal of Econometrics},
  year         = {1985},
  volume       = {29},
  pages        = {305--325},
  doi          = {10.1016/0304-4076(85)90158-7},
  url          = {http://dx.doi.org/10.1016/0304-4076(85)90158-7}
}
@incollection{malpezzi:2003,
	author       = {Malpezzi, Stephen},
	title        = "{Hedonic Pricing Models: A Selective and Applied Review}",
	booktitle    = {Housing Economics and Public Policy},
	editor       = {O'Sullivan, Tony and Gibb, Kenneth},
	year         = {2003},
	pages        = {67--89},
	publisher    = {Blackwell Science}
}



@article{meltcheu:2014,
  author  = {Meltzer, Rachel and Cheung, Ron},
  title   = "{How are Homeowners Associations Capitalized into Property Values?}",
  journal = {Regional Science and Urban Economics},
  volume  = {46},
  pages   = {93--102},
  year    = {2014}
}





@article{michsmit:1990,
	author  = {Michaels, R. Gregory and Smith, V. Kerry},
	title   = "{Market Segmentation and Valuing Amenities with Hedonic Models: The Case of Hazardous Waste Sites}",
	journal = {Journal of Urban Economics},
	year    = {1990},
	volume  = {28},
	number  = {2},
	pages   = {223--242}
}


@book{nar:2020,
  author    = {{National Association of Realtors}},
  title     = "{Profile of Home Buyers and Sellers}",
  publisher = {NAR Publications},
  year      = {2020},
  note = {\url{https://www.nar.realtor/sites/default/files/documents/2020-profile-of-home-buyers-and-sellers-11-11-2020.pdf}}
}



@misc{orangecounty2025,
	author       = {{Orange County Government}},
	title        = "{Planning and Zoning Quick Reference Guide}",
	year         = {2025},
	howpublished = {\url{https://www.orangecountyfl.net/}},
	institution  = {Orange County, Florida}
}

@misc{orra:2024,
	author       = {{Orlando Regional Realtor Association}},
	title        = "{Market Statistics}",
	year         = {2024},
	howpublished = {\url{https://www.orlandorealtors.org/}}
}


@incollection{palmquist:2005,
	author       = {Palmquist, Raymond B.},
	title        = "{Property Value Models}",
	booktitle    = {Handbook of Environmental Economics},
	volume       = {2},
	year         = {2005},
	pages        = {763--819},
	publisher    = {Elsevier}
}

@article{parmpope:2009,
	author  = {Parmeter, Christopher F. and Pope, Jaren C.},
	title   = "{Quasi-Experiments and Hedonic Property Value Methods}",
	journal = {SSRN Electronic Journal},
	year    = {2009},
	note    = {\url{https://papers.ssrn.com/abstract=1412263}}
}



@article{robertson:2019,
  author  = {Robertson, L.},
  title   = "{Correlation of Homeowners Associations and Inferior Property Value Appreciation}",
  journal = {Journal of Real Estate Studies},
  volume  = {4},
  number  = {2},
  pages   = {75--88},
  year    = {2019}
}






@article{rosen:1974,
	author       = {Rosen, Sherwin},
	title        = "{Hedonic Prices and Implicit Markets: Product Differentiation in Pure Competition}",
	journal      = {Journal of Political Economy},
	year         = {1974},
	volume       = {82},
	number       = {1},
	pages        = {34--55}
}

@misc{bls:2024,
	author       = {{U.S. Bureau of Labor Statistics}},
	title        = "{CPI Inflation Calculator}",
	year         = {2024},
	howpublished = {\url{https://www.bls.gov/data/inflation_calculator.htm}}
}

@article{sirmansEtAl:2006,
	author  = {Sirmans, G. Stacy and MacDonald, Lynn and Macpherson, David A. and Zietz, Emily Norman},
	title   = "{The Value of Housing Characteristics: A Meta Analysis}",
	journal = {The Journal of Real Estate Finance and Economics},
	year    = {2006},
	volume  = {33},
	number  = {3},
	pages   = {215--240}
}

@misc{census:2024,
	author       = {{U.S. Census Bureau}},
	title        = "{Population Estimates Program}",
	year         = {2024},
	howpublished = {\url{https://www.census.gov/programs-surveys/popest.html}}
}

@misc{hud:2024,
	author       = {{U.S. Department of Housing and Urban Development}},
	title        = "{Comprehensive Housing Market Analysis: Orlando–Kissimmee–Sanford, FL}",
	year         = {2024},
	howpublished = {\url{https://www.huduser.gov/}}
}


@article{gomezEtAl:2013,
      author  = {Williams, Matt N. and Grajales, Carlos A. and Kurkiewicz, Dason},
      title   = "{Assumptions of Multiple Regression: Correcting Two Misconceptions}",
      journal = {Practical Assessment, Research, and Evaluation},
      year    = {2013},
      volume  = {18},
      number  = {1},
      pages   = {11},
      doi     = {10.7275/55hn-wk47},
      url     = {https://doi.org/10.7275/55hn-wk47}
}

@misc{uszipcodes,
  author       =  "{United States ZIP Codes}",
  title     = "{U.S. ZIP Codes: Free ZIP Code Map and Zip Code Lookup}",
  howpublished = {\url{https://www.unitedstateszipcodes.org/}},
  note      = {Accessed 2025-06-27}
}


@article{worley:1981,
	author  = {Worley, Glenn},
	title   = "{Hedonic Prices, Demands for Urban Housing Amenities, and Benefit Estimates}",
	journal = {Journal of Urban Economics},
	year    = {1981},
	volume  = {9},
	number  = {2},
	pages   = {212--221}
}
